@Inbook{Menze2010,
author="Menze, Bjoern H.
and Leemput, Koen
and Lashkari, Danial
and Weber, Marc-Andr{\'e}
and Ayache, Nicholas
and Golland, Polina",
editor="Jiang, Tianzi
and Navab, Nassir
and Pluim, Josien P. W.
and Viergever, Max A.",
chapter="A Generative Model for Brain Tumor Segmentation in Multi-Modal Images",
title="Medical Image Computing and Computer-Assisted Intervention -- MICCAI 2010: 13th International Conference, Beijing, China, September 20-24, 2010, Proceedings, Part II",
year="2010",
publisher="Springer Berlin Heidelberg",
address="Berlin, Heidelberg",
pages="151--159",
isbn="978-3-642-15745-5",
doi="10.1007/978-3-642-15745-5_19",
url="http://dx.doi.org/10.1007/978-3-642-15745-5_19"
}

@article{Prastawa,
title = "A brain tumor segmentation framework based on outlier detection",
keywords = "Automatic brain segmentation, Brain tumor segmentation, Level-set evolution, Outlier detection, Robust estimation",
author = "Marcel Prastawa and Elizabeth Bullitt and Sean Ho and Guido Gerig",
year = "2004",
month = "9",
doi = "10.1016/j.media.2004.06.007",
volume = "8",
pages = "275--283",
journal = "Medical Image Analysis",
issn = "1361-8415",
number = "3",
}